%GITHUB-----------------------------
@misc{WikipediaGitHub,
	author = "Wikipedia.org",
    title = "Općenito o GitHub-u",
    url   = "https://en.wikipedia.org/wiki/GitHub"
}

@misc{ExpandendRamblings,
	author = "ExpandedRamblings.com",
    title = "Statistika GitHub-a",
    url   = "https://expandedramblings.com/index.php/github-statistics"
}

@misc{rankred.com,
	author = "rankred.com",
    title = "Statistika i činjenice o GitHub-u",
    url   = "https://www.rankred.com/facts-and-statistics-about-github"
}

@misc{riteh.uniri,
	author = "riteh.uniri.hr",
    title = "Broj studenata",
    url   = "http://www.riteh.uniri.hr/o-fakultetu"
}

@misc{GitHubPricing,
	author = "GitHub.com",
    title = "Cjenik",
    url   = "https://github.com/pricing"
}

@misc{uptime.is,
	author = "UpTime.is",
    title = "Objašnjenje uptimea - uptime.is",
    url   = "https://uptime.is"
}

%GITLAB-----------------------------
@misc{GitLab,
	author = "GitLab.com",
    title = "O GitLab-u",
    url   = "https://about.gitlab.com"
}

@misc{WikipediaGitLab,
	author = "Wikipedia.org",
    title = "GitLab",
    url   = "https://en.wikipedia.org/wiki/GitLab"
}

%BITBUCKET--------------------------
https://en.wikipedia.org/wiki/Bitbucket
@misc{Bitbucket,
    author    = "Bitbucket",
    url       = "http://bitbucket.org"
}

@misc{WikipediaBitbucket,
    author    = "Wikipedia",
    title     = "Bitbucket",
    url       = "http://bitbucket.org"
}

%USPOREDBA-------------------------

@misc{usporedba,
    author    = "Usporedba",
    title     = "medium.com",
    url       = "https://medium.com/flow-ci/github-vs-bitbucket-vs-gitlab-vs-coding-7cf2b43888a1"
}